@conference{wjb87,
	author = "{Wilpon J G} and {Juang B H} and {Rabiner L R}",
	title = "An investigation on the use of acoustic sub-word units for automatic speech recognition",
    booktitle = "Acoustics, Speech, and Signal Processing, IEEE International Conference on ICASSP'87",
    volume = "12",
    pages = "821--824",
    year = "1987",
	organization = "IEEE"
}